@manual{lsp,
  organization = "Microsoft",
  title = "Language Server Protocol",
  year = 2022,
  month = 10,
  url = {
         https://microsoft.github.io/language-server-protocol/overviews/lsp/overview/
         },
  urldate = {2024-01-28},
  shorthand = {LSP},
}

@manual{lsif,
  organization = "Microsoft",
  title = "Language Server Index Format",
  year = 2021,
  month = 9,
  url = {
         https://microsoft.github.io/language-server-protocol/overviews/lsif/overview/
         },
  urldate = {2024-01-31},
  shorthand = {LSIF},
}

@manual{dap,
  organization = "Microsoft",
  title = "Debug Adapter Protocol",
  url = {https://microsoft.github.io/debug-adapter-protocol/overview},
  urldate = {2024-01-31},
  shorthand = {DAP},
}

@mastersthesis{moritz,
  type = "Bachelor's Thesis",
  title = "Developing a Multi-user Source Code Editor for SEE",
  author = "Moritz Blecker",
  institution = "University of Bremen",
  date = "2022-01-31",
  url = "
         https://www.szi.uni-bremen.de/wp-content/uploads/2022/07/Bachelorarbeit_-Moritz-Blecker_redfs-1.pdf
         ",
  urldate = {2024-02-02},
}

@mastersthesis{falko,
  type = "Bachelor's Thesis",
  title = "Visualizing Code Smells in Code Cities",
  author = "Falko Galperin",
  institution = "University of Bremen",
  date = "2021-09-27",
  url = "
         https://github.com/uni-bremen-agst/VISSOFT2022/blob/main/BachelorThesis.pdf
         ",
  urldate = {2024-02-02},
}

@article{mccabe,
  author = {McCabe, T.J.},
  journal = {IEEE Transactions on Software Engineering},
  title = {A Complexity Measure},
  year = {1976},
  volume = {SE-2},
  number = {4},
  pages = {308-320},
  keywords = {Software testing;System testing;Graph theory;Fluid flow
              measurement;Software measurement;Linear programming;Software
              engineering;Software systems;Software maintenance;National
              security;Basis;complexity measure;control flow;decomposition;graph
              theory;independence;linear;modularization;programming;reduction;software;testing
              },
  doi = {10.1109/TSE.1976.233837},
}


